<?xml version="1.0" encoding="UTF-8"?><collection xmlns="http://www.loc.gov/MARC21/slim"><record><leader>00563nam--2200181-u-4500</leader><controlfield tag="001">000055050</controlfield><controlfield tag="002">20161230</controlfield><controlfield tag="005">20161230201052</controlfield><controlfield tag="008">121025s1000------------r-----000-0-fre-d</controlfield><datafield ind1=" " ind2=" " tag="040"><subfield code="a">IFIN-HH</subfield></datafield><datafield ind1=" " ind2=" " tag="041"><subfield code="b">fre</subfield></datafield><datafield ind1=" " ind2=" " tag="080"><subfield code="a">538.935:539.2</subfield></datafield><datafield ind1="1" ind2=" " tag="100"><subfield code="a">Otmezguine, Serge</subfield></datafield><datafield ind1="1" ind2="0" tag="245"><subfield code="a">Proprietes de transport des alliages de tellurures de mercure et de cadmium au voisinage de la transition semimetal - semiconducteur</subfield><subfield code="b">These</subfield><subfield code="c">Serge otmezguine</subfield></datafield><datafield ind1=" " ind2=" " tag="260"><subfield code="a">Pars</subfield><subfield code="b">Universite</subfield><subfield code="c">1975</subfield></datafield><datafield ind1=" " ind2=" " tag="300"><subfield code="a">/PAG.DIF.</subfield></datafield><datafield ind1=" " ind2=" " tag="852"><subfield code="a">44132</subfield><subfield code="c">539.2</subfield></datafield><datafield ind1=" " ind2=" " tag="CAT"><subfield code="a">Sys</subfield><subfield code="c">20121025</subfield><subfield code="h">152630</subfield></datafield></record></collection>